Automatically generated by Mendeley Desktop 1.16.1
Any changes to this file will be lost if it is regenerated by Mendeley.

BibTeX export options can be customized via Options -> BibTeX in Mendeley Desktop

@book{fishertest,
    author={Sprent, Peter},
    editor={Lovric, Miodrag},
    title={Fisher Exact Test},
    bookTitle={International Encyclopedia of Statistical Science},
    year={2011},
    publisher={Springer Berlin Heidelberg},
    address={Berlin, Heidelberg},
    pages={524--525},
    isbn={978-3-642-04898-2},
    doi={10.1007/978-3-642-04898-2\_253}
}

@article{ShapiroTest,
  doi = {10.1093/biomet/52.3-4.591},
  year  = {1965},
  month = {dec},
  publisher = {Oxford University Press ({OUP})},
  volume = {52},
  number = {3-4},
  pages = {591--611},
  author = {S. S. Shapiro and M. B. Wilk},
  title = {An analysis of variance test for normality (complete samples)},
  journal = {Biometrika}
}

@misc{extradataset,
    author = {Fedesoriano},
    year = {2021},
    month = {September},
    title = {Heart Failure Prediction Dataset},
    url = {kaggle.com/fedesoriano/heart-failure-prediction},
    urldate = {01/11/2024}
}